<?xml version="1.0" encoding="UTF-8"?>
<collection xmlns:xsi="http://www.w3.org/2001/XMLSchema-instance" xsi:schemaLocation="http://www.loc.gov/MARC21/slim http://www.loc.gov/standards/marcxml/schema/MARC21slim.xsd" xmlns="http://www.loc.gov/MARC21/slim">
<record>
  <leader>00668cam a2200205Ki 4500</leader>
  <controlfield tag="001">4746725</controlfield>
  <controlfield tag="003">NNC</controlfield>
  <controlfield tag="005">20160623144046.0</controlfield>
  <controlfield tag="008">040428s1920    le            000 0 ara d</controlfield>
  <datafield tag="035" ind1=" " ind2=" ">
    <subfield code="a">(OCoLC)ocm55041827</subfield>
  </datafield>
  <datafield tag="035" ind1=" " ind2=" ">
    <subfield code="9">EISI428364</subfield>
  </datafield>
  <datafield tag="035" ind1=" " ind2=" ">
    <subfield code="a">(NNC)4746725</subfield>
  </datafield>
  <datafield tag="040" ind1=" " ind2=" ">
    <subfield code="a">VYN</subfield>
    <subfield code="c">VYN</subfield>
  </datafield>
  <datafield tag="098" ind1=" " ind2=" ">
    <subfield code="a">BK83</subfield>
    <subfield code="b">S32</subfield>
  </datafield>
  <datafield tag="100" ind1="1" ind2=" ">
    <subfield code="a">Scherer, George Henry,</subfield>
    <subfield code="d">1886-</subfield>
  </datafield>
  <datafield tag="245" ind1="1" ind2="3">
    <subfield code="a">al-Kalạm al-Arabī al-Dārij fi Sūriyā /</subfield>
    <subfield code="c">taʻlīf George H. Scherer and Habīb Ḥittī.</subfield>
  </datafield>
  <datafield tag="260" ind1=" " ind2=" ">
    <subfield code="a">Bayrūt :</subfield>
    <subfield code="b">Suq al-Gharb,</subfield>
    <subfield code="c">1920.</subfield>
  </datafield>
  <datafield tag="300" ind1=" " ind2=" ">
    <subfield code="a">vi, 128 p. ;</subfield>
    <subfield code="c">20 cm.</subfield>
  </datafield>
  <datafield tag="500" ind1=" " ind2=" ">
    <subfield code="a">A book to aid the foreigner in acquiring the colloquial Arabic of Syria.</subfield>
  </datafield>
  <datafield tag="700" ind1="1" ind2=" ">
    <subfield code="a">Hitti, Habib,</subfield>
    <subfield code="e">author.</subfield>
  </datafield>
  <datafield tag="955" ind1=" " ind2=" ">
    <subfield code="b">CR61145920</subfield>
    <subfield code="d">off,uts</subfield>
    <subfield code="e">BK83 S32</subfield>
  </datafield>
</record>
</collection>